@unpublished{hernan,
  author        = "MA Hern√°n and JM Robins",
  title         = "Causal Inference",
  note          = "Unpublished"
}

@report{pewdivided,
	organization= "Pew Research Center",
    title		= "The Partisan Divide on Political Values Grows Even Wider",
    year 		= "2017",
    month		= "October"
}

@misc{DNCcontroversy, title={Inside Hillary Clinton's Secret Takeover of the DNC}, url={https://www.politico.com/magazine/story/2017/11/02/clinton-brazile-hacks-2016-215774}, journal={POLITICO Magazine}, author={Brazile, Donna and Bernstein, David and Dovere, Edward-Isaac and Glasser, Susan B. and Jackson, Van and Schreckinger, Ben and Warnecke, Grace Kennan}, year={2017}, month={Nov}}

@misc{RNCprimary, title={2016 Delegate Count and Primary Results}, url={https://www.nytimes.com/interactive/2016/us/elections/primary-calendar-and-results.html}, journal={The New York Times}, publisher={The New York Times}, author={Andrews, Wilson and Bennett, Kitty and Parlapiano, Alicia}, year={2015}, month={Apr}}

@misc{538, title={How The Republican Field Dwindled From 17 To Donald Trump}, url={https://fivethirtyeight.com/features/how-the-republican-field-dwindled-from-17-to-donald-trump/}, journal={FiveThirtyEight}, publisher={FiveThirtyEight}, author={CarlBialik}, year={2016}, month={May}}

@misc{forgotten, title={Who Is the 'Forgotten Man'?}, url={https://www.nytimes.com/interactive/projects/cp/opinion/election-night-2016/who-is-the-forgotten-man}, journal={The New York Times}, publisher={The New York Times}, author={Beverly Gage}, year={2016}, month={Nov}}

@misc{controversy, title={Donald Trump Has Brought On Countless Controversies In An Unlikely Campaign}, url={https://www.npr.org/2016/11/05/500782887/donald-trumps-road-to-election-day}, journal={NPR}, publisher={NPR}, author={McCammon, Sarah}, year={2016}, month={Nov}}

@misc{deplorable, title={In Context: Hillary Clinton and the 'basket of deplorables'}, url={http://www.politifact.com/truth-o-meter/article/2016/sep/11/context-hillary-clinton-basket-deplorables/}, journal={PolitiFact}}

@misc{polls, title={Latest Election Polls 2016}, url={https://www.nytimes.com/interactive/2016/us/elections/polls.html}, journal={The New York Times}, publisher={The New York Times}, year={2016}, month={Jun}}

@misc{Russia, title={Russian Hacking and Influence in the U.S. Election}, url={https://www.nytimes.com/news-event/russian-election-hacking}, journal={The New York Times}, publisher={The New York Times}, author={SCHMIDT, MICHAEL S. and MATT APUZZO and MICHAEL S. SCHMIDT and Griggs, Troy and ROSENBERG, CHARLIE SAVAGE and MATTHEW and Mazzetti, Mark and LaFRANIERE, NICHOLAS FANDOS and SHARON and ANDREW E. KRAMER and SHARON LaFRANIERE and KAPLAN, GARDINER HARRIS and THOMAS and SULLIVAN, PETER BAKER and EILEEN and Haberman, Maggie and et al.}, year={2018}, month={May}}